% MASTER OF SCIENCE THESIS TEMPLATE 2018
% TEMPLATE AUTHOR: TOMAS CASSANELLI

# Guidelines:
# https://www.aanda.org/component/content?view=article&id=160
# Pro tip: Use google scholar, then type citation and look for bibTeX!

% follow this example to add references :)
@book{bracewell1978fourier,
  title = {The Fourier transform and its applications},
  author = {Bracewell, R. N.},
  year = {1978},
  publisher = {McGraw-Hill electrical and electronic engineering series},
  edition = {Second}
}


@ARTICLE{ic342_position,
   author = {{Evans}, I.~N. and {Primini}, F.~A. and {Glotfelty}, K.~J. and 
	{Anderson}, C.~S. and {Bonaventura}, N.~R. and {Chen}, J.~C. and 
	{Davis}, J.~E. and {Doe}, S.~M. and {Evans}, J.~D. and {Fabbiano}, G. and 
	{Galle}, E.~C. and {Gibbs}, II, D.~G. and {Grier}, J.~D. and 
	{Hain}, R.~M. and {Hall}, D.~M. and {Harbo}, P.~N. and {He}, X.~H. and 
	{Houck}, J.~C. and {Karovska}, M. and {Kashyap}, V.~L. and {Lauer}, J. and 
	{McCollough}, M.~L. and {McDowell}, J.~C. and {Miller}, J.~B. and 
	{Mitschang}, A.~W. and {Morgan}, D.~L. and {Mossman}, A.~E. and 
	{Nichols}, J.~S. and {Nowak}, M.~A. and {Plummer}, D.~A. and 
	{Refsdal}, B.~L. and {Rots}, A.~H. and {Siemiginowska}, A. and 
	{Sundheim}, B.~A. and {Tibbetts}, M.~S. and {Van Stone}, D.~W. and 
	{Winkelman}, S.~L. and {Zografou}, P.},
    title = "{The Chandra Source Catalog}",
  journal = {\apjs},
archivePrefix = "arXiv",
   eprint = {1005.4665},
 primaryClass = "astro-ph.HE",
 keywords = {catalogs, X-rays: general},
     year = 2010,
    month = jul,
   volume = 189,
      eid = {37-82},
    pages = {37-82},
      doi = {10.1088/0067-0049/189/1/37},
   adsurl = {http://adsabs.harvard.edu/abs/2010ApJS..189...37E},
  adsnote = {Provided by the SAO/NASA Astrophysics Data System}
}


@ARTICLE{distance_ic342,
   author = {{Karachentsev}, I.~D. and {Kashibadze}, O.~G.},
    title = "{Masses of the local group and of the M81 group estimated from distortions in the local velocity field}",
  journal = {Astrophysics},
 keywords = {Galaxies, Local group, M81 group-galaxies, masses},
     year = 2006,
    month = jan,
   volume = 49,
    pages = {3-18},
      doi = {10.1007/s10511-006-0002-6},
   adsurl = {http://adsabs.harvard.edu/abs/2006Ap.....49....3K},
  adsnote = {Provided by the SAO/NASA Astrophysics Data System}
}

@ARTICLE{morphology,
   author = {{Elmegreen}, D.~M. and {Elmegreen}, B.~G.},
    title = "{Blue and near-infrared surface photometry of spiral structure in 34 nonbarred grand design and flocculent galaxies}",
  journal = {\apjs},
 keywords = {Astronomical Photometry, Galactic Structure, Spiral Galaxies, Stellar Color, Density (Number/Volume), Star Distribution, Stellar Evolution, Stellar Luminosity},
     year = 1984,
    month = jan,
   volume = 54,
    pages = {127-149},
      doi = {10.1086/190922},
   adsurl = {http://adsabs.harvard.edu/abs/1984ApJS...54..127E},
  adsnote = {Provided by the SAO/NASA Astrophysics Data System}
}

@ARTICLE{ic342_20,
   author = {{Krause}, M. and {Hummel}, E. and {Beck}, R.},
    title = "{The magnetic field structures in two nearby spiral galaxies. I - The axisymmetric spiral magnetic field in IC342. II - The bisymmetric spiral magnetic field in M81}",
  journal = {\aap},
 keywords = {Interstellar Magnetic Fields, Magnetic Field Configurations, Spiral Galaxies, Field Strength, Galactic Rotation, Linear Polarization, Polarized Radiation},
     year = 1989,
    month = jun,
   volume = 217,
    pages = {4-30},
   adsurl = {http://adsabs.harvard.edu/abs/1989A%26A...217....4K},
  adsnote = {Provided by the SAO/NASA Astrophysics Data System}
}

@INPROCEEDINGS{casa,
   author = {{McMullin}, J.~P. and {Waters}, B. and {Schiebel}, D. and {Young}, W. and
    {Golap}, K.},
    title = "{CASA Architecture and Applications}",
booktitle = {Astronomical Data Analysis Software and Systems XVI},
     year = 2007,
   series = {Astronomical Society of the Pacific Conference Series},
   volume = 376,
   editor = {{Shaw}, R.~A. and {Hill}, F. and {Bell}, D.~J.},
    month = oct,
    pages = {127},
   adsurl = {http://adsabs.harvard.edu/abs/2007ASPC..376..127M},
  adsnote = {Provided by the SAO/NASA Astrophysics Data System}
}

@article{aoflagger,
  title = "A morphological algorithm for improved radio-frequency interference detection",
  author = {A. R. Offringa and J. J. van de Gronde and J. B. T. M. Roerdink},
  journal = "A\&A",
  year = 2012,
  volume = 539,
  month = mar,
  issue = "A95"
}

@ARTICLE{dysco,
  author={A. R. Offringa},
  journal={A\&A},
  title = {Compression of interferometric radio-astronomical data},
  DOI= "10.1051/0004-6361/201629565",
  url= "http://dx.doi.org/10.1051/0004-6361/201629565",
  year = 2016,
  volume = 595,
  pages = "A99"
}



@ARTICLE{grave,
   author = {{Graeve}, R. and {Beck}, R.},
    title = "{The axisymmetric spiral magnetic field in the galaxy IC 342}",
  journal = {\aap},
 keywords = {Interstellar Magnetic Fields, Magnetic Field Configurations, Spiral Galaxies, Cosmic Rays, Dynamo Theory, Linear Polarization, Nonthermal Radiation, Radio Telescopes},
     year = 1988,
    month = mar,
   volume = 192,
    pages = {66-76},
   adsurl = {http://adsabs.harvard.edu/abs/1988A%26A...192...66G},
  adsnote = {Provided by the SAO/NASA Astrophysics Data System}
}



@ARTICLE{SFR,
   author = {{Gao}, Y. and {Solomon}, P.~M.},
    title = "{The Star Formation Rate and Dense Molecular Gas in Galaxies}",
  journal = {\apj},
   eprint = {astro-ph/0310339},
 keywords = {Galaxies: ISM, Galaxies: Starburst, Infrared: Galaxies, ISM: Molecules, Radio Lines: Galaxies},
     year = 2004,
    month = may,
   volume = 606,
    pages = {271-290},
      doi = {10.1086/382999},
   adsurl = {http://adsabs.harvard.edu/abs/2004ApJ...606..271G},
  adsnote = {Provided by the SAO/NASA Astrophysics Data System}
}


@article{aoflagger,
  title = "The Low-Frequency Environment of the Murchison Widefield Array: Radio-Frequency Interference Analysis and Mitigation",
  author = {A. R. Offringa and R. B. Wayth and N. Hurley-Walker and others},
  journal = "PASA",
  year = 2015,
  volume = 32,
  month = mar,
  issue = "e008"
}

@INPROCEEDINGS{BBS,
   author = {{Pandey}, V.~N. and {van Zwieten}, J.~E. and {de Bruyn}, A.~G. and 
	{Nijboer}, R.},
    title = "{Calibrating LOFAR using the Black Board Selfcal System}",
booktitle = {The Low-Frequency Radio Universe},
     year = 2009,
   series = {Astronomical Society of the Pacific Conference Series},
   volume = 407,
   editor = {{Saikia}, D.~J. and {Green}, D.~A. and {Gupta}, Y. and {Venturi}, T.
	},
    month = sep,
    pages = {384},
   adsurl = {http://adsabs.harvard.edu/abs/2009ASPC..407..384P},
  adsnote = {Provided by the SAO/NASA Astrophysics Data System}
}


@ARTICLE{facet,
   author = {{van Weeren}, R.~J. and {Williams}, W.~L. and {Hardcastle}, M.~J. and 
	{Shimwell}, T.~W. and {Rafferty}, D.~A. and {Sabater}, J. and 
	{Heald}, G. and {Sridhar}, S.~S. and {Dijkema}, T.~J. and {Brunetti}, G. and 
	{Br{\"u}ggen}, M. and {Andrade-Santos}, F. and {Ogrean}, G.~A. and 
	{R{\"o}ttgering}, H.~J.~A. and {Dawson}, W.~A. and {Forman}, W.~R. and 
	{de Gasperin}, F. and {Jones}, C. and {Miley}, G.~K. and {Rudnick}, L. and 
	{Sarazin}, C.~L. and {Bonafede}, A. and {Best}, P.~N. and {B{\^i}rzan}, L. and 
	{Cassano}, R. and {Chy{\.z}y}, K.~T. and {Croston}, J.~H. and 
	{Ensslin}, T. and {Ferrari}, C. and {Hoeft}, M. and {Horellou}, C. and 
	{Jarvis}, M.~J. and {Kraft}, R.~P. and {Mevius}, M. and {Intema}, H.~T. and 
	{Murray}, S.~S. and {Orr{\'u}}, E. and {Pizzo}, R. and {Simionescu}, A. and 
	{Stroe}, A. and {van der Tol}, S. and {White}, G.~J.},
    title = "{LOFAR Facet Calibration}",
  journal = {\apjs},
archivePrefix = "arXiv",
   eprint = {1601.05422},
 primaryClass = "astro-ph.IM",
 keywords = {techniques: interferometric},
     year = 2016,
    month = mar,
   volume = 223,
      eid = {2},
    pages = {2},
      doi = {10.3847/0067-0049/223/1/2},
   adsurl = {http://adsabs.harvard.edu/abs/2016ApJS..223....2V},
  adsnote = {Provided by the SAO/NASA Astrophysics Data System}
}


@ARTICLE{sed,
   author = {{Condon}, J.~J.},
    title = "{Radio emission from normal galaxies}",
  journal = {\araa},
 keywords = {Cosmic Rays, Radio Emission, Radio Sources (Astronomy), Star Formation, Starburst Galaxies, Synchrotron Radiation, Black Holes (Astronomy), H Ii Regions, Infrared Radiation, Relativistic Particles},
     year = 1992,
   volume = 30,
    pages = {575-611},
      doi = {10.1146/annurev.aa.30.090192.003043},
   adsurl = {http://adsabs.harvard.edu/abs/1992ARA%26A..30..575C},
  adsnote = {Provided by the SAO/NASA Astrophysics Data System}
}


@ARTICLE{msss,
   author = {{Heald}, G.~H. and {Pizzo}, R.~F. and {Orr{\'u}}, E. and {Breton}, R.~P. and 
	{Carbone}, D. and {Ferrari}, C. and {Hardcastle}, M.~J. and 
	{Jurusik}, W. and {Macario}, G. and {Mulcahy}, D. and {Rafferty}, D. and 
	{Asgekar}, A. and {Brentjens}, M. and {Fallows}, R.~A. and {Frieswijk}, W. and 
	{Toribio}, M.~C. and {Adebahr}, B. and {Arts}, M. and {Bell}, M.~R. and 
	{Bonafede}, A. and {Bray}, J. and {Broderick}, J. and {Cantwell}, T. and 
	{Carroll}, P. and {Cendes}, Y. and {Clarke}, A.~O. and {Croston}, J. and 
	{Daiboo}, S. and {de Gasperin}, F. and {Gregson}, J. and {Harwood}, J. and 
	{Hassall}, T. and {Heesen}, V. and {Horneffer}, A. and {van der Horst}, A.~J. and 
	{Iacobelli}, M. and {Jeli{\'c}}, V. and {Jones}, D. and {Kant}, D. and 
	{Kokotanekov}, G. and {Martin}, P. and {McKean}, J.~P. and {Morabito}, L.~K. and 
	{Nikiel-Wroczy{\'n}ski}, B. and {Offringa}, A. and {Pandey}, V.~N. and 
	{Pandey-Pommier}, M. and {Pietka}, M. and {Pratley}, L. and 
	{Riseley}, C. and {Rowlinson}, A. and {Sabater}, J. and {Scaife}, A.~M.~M. and 
	{Scheers}, L.~H.~A. and {Sendlinger}, K. and {Shulevski}, A. and 
	{Sipior}, M. and {Sobey}, C. and {Stewart}, A.~J. and {Stroe}, A. and 
	{Swinbank}, J. and {Tasse}, C. and {Tr{\"u}stedt}, J. and {Varenius}, E. and 
	{van Velzen}, S. and {Vilchez}, N. and {van Weeren}, R.~J. and 
	{Wijnholds}, S. and {Williams}, W.~L. and {de Bruyn}, A.~G. and 
	{Nijboer}, R. and {Wise}, M. and {Alexov}, A. and {Anderson}, J. and 
	{Avruch}, I.~M. and {Beck}, R. and {Bell}, M.~E. and {van Bemmel}, I. and 
	{Bentum}, M.~J. and {Bernardi}, G. and {Best}, P. and {Breitling}, F. and 
	{Brouw}, W.~N. and {Br{\"u}ggen}, M. and {Butcher}, H.~R. and 
	{Ciardi}, B. and {Conway}, J.~E. and {de Geus}, E. and {de Jong}, A. and 
	{de Vos}, M. and {Deller}, A. and {Dettmar}, R.-J. and {Duscha}, S. and 
	{Eisl{\"o}ffel}, J. and {Engels}, D. and {Falcke}, H. and {Fender}, R. and 
	{Garrett}, M.~A. and {Grie{\ss}meier}, J. and {Gunst}, A.~W. and 
	{Hamaker}, J.~P. and {Hessels}, J.~W.~T. and {Hoeft}, M. and 
	{H{\"o}randel}, J. and {Holties}, H.~A. and {Intema}, H. and 
	{Jackson}, N.~J. and {J{\"u}tte}, E. and {Karastergiou}, A. and 
	{Klijn}, W.~F.~A. and {Kondratiev}, V.~I. and {Koopmans}, L.~V.~E. and 
	{Kuniyoshi}, M. and {Kuper}, G. and {Law}, C. and {van Leeuwen}, J. and 
	{Loose}, M. and {Maat}, P. and {Markoff}, S. and {McFadden}, R. and 
	{McKay-Bukowski}, D. and {Mevius}, M. and {Miller-Jones}, J.~C.~A. and 
	{Morganti}, R. and {Munk}, H. and {Nelles}, A. and {Noordam}, J.~E. and 
	{Norden}, M.~J. and {Paas}, H. and {Polatidis}, A.~G. and {Reich}, W. and 
	{Renting}, A. and {R{\"o}ttgering}, H. and {Schoenmakers}, A. and 
	{Schwarz}, D. and {Sluman}, J. and {Smirnov}, O. and {Stappers}, B.~W. and 
	{Steinmetz}, M. and {Tagger}, M. and {Tang}, Y. and {ter Veen}, S. and 
	{Thoudam}, S. and {Vermeulen}, R. and {Vocks}, C. and {Vogt}, C. and 
	{Wijers}, R.~A.~M.~J. and {Wucknitz}, O. and {Yatawatta}, S. and 
	{Zarka}, P.},
    title = "{The LOFAR Multifrequency Snapshot Sky Survey (MSSS). I. Survey description and first results}",
  journal = {\aap},
archivePrefix = "arXiv",
   eprint = {1509.01257},
 primaryClass = "astro-ph.IM",
 keywords = {surveys, radio continuum: general},
     year = 2015,
    month = oct,
   volume = 582,
      eid = {A123},
    pages = {A123},
      doi = {10.1051/0004-6361/201425210},
   adsurl = {http://adsabs.harvard.edu/abs/2015A%26A...582A.123H},
  adsnote = {Provided by the SAO/NASA Astrophysics Data System}
}

@INPROCEEDINGS{lof1,
   author = {{van Ardenne}, A. and {Smolders}, B. and {Hampson}, G.},
    title = "{Active adaptive antennas for radio astronomy: results from the R{\amp}D program on the Square Kilometer Array}",
booktitle = {Radio Telescopes},
     year = 2000,
   series = {\procspie},
   volume = 4015,
   editor = {{Butcher}, H.~R.},
    month = jul,
    pages = {420-433},
      doi = {10.1117/12.390435},
   adsurl = {http://adsabs.harvard.edu/abs/2000SPIE.4015..420V},
  adsnote = {Provided by the SAO/NASA Astrophysics Data System}
}



@INPROCEEDINGS{ska,
   author = {{Wilkinson}, P.~N.},
    title = "{The Hydrogen Array}",
 keywords = {H I Regions, Neutral Gases, Radio Astronomy, Radio Telescopes, Star Formation, Very Large Array (Vla), Dark Matter, High Resolution, Lyman Alpha Radiation, Red Shift},
booktitle = {IAU Colloq. 131: Radio Interferometry. Theory, Techniques, and Applications},
     year = 1991,
   series = {Astronomical Society of the Pacific Conference Series},
   volume = 19,
   editor = {{Cornwell}, T.~J. and {Perley}, R.~A.},
    pages = {428-432},
   adsurl = {http://adsabs.harvard.edu/abs/1991ASPC...19..428W},
  adsnote = {Provided by the SAO/NASA Astrophysics Data System}
}

@ARTICLE{ic342_1,
   author = {{Schulz}, A. and {G{\"u}sten}, R. and {K{\"o}ster}, B. and {Krause}, D.
	},
    title = "{The nucleus of the nearby galaxy IC 342}",
  journal = {\aap},
 keywords = {GALAXIES: INDIVIDUAL: IC 342, GALAXIES: GALACTIC NUCLEI, GALAXIES: SPIRAL, GALAXIES: INTERSTELLAR MATTER, RADIO LINES: MOLECULAR},
     year = 2001,
    month = may,
   volume = 371,
    pages = {25-36},
      doi = {10.1051/0004-6361:20010082},
   adsurl = {http://adsabs.harvard.edu/abs/2001A%26A...371...25S},
  adsnote = {Provided by the SAO/NASA Astrophysics Data System}
}

@ARTICLE{ic342_2,
   author = {{Downes}, D. and {Radford}, S.~J.~E. and {Guilloteau}, S. and 
	{Guelin}, M. and {Greve}, A. and {Morris}, D.},
    title = "{HCN in the center of the galaxy IC 342}",
  journal = {\aap},
 keywords = {Carbon Monoxide, Galactic Nuclei, Hydrocyanic Acid, Interstellar Matter, Molecular Spectra, Radio Spectra, Gas Dynamics, Line Spectra, Radio Astronomy},
     year = 1992,
    month = sep,
   volume = 262,
    pages = {424-432},
   adsurl = {http://adsabs.harvard.edu/abs/1992A%26A...262..424D},
  adsnote = {Provided by the SAO/NASA Astrophysics Data System}
}

@ARTICLE{ic342_3,
   author = {{Balser}, D.~S. and {Wenger}, T.~V. and {Goss}, W.~M. and {Johnson}, K.~E. and 
	{Kepley}, A.~A.},
    title = "{JVLA Observations of IC 342: Probing Star Formation in the Nucleus}",
  journal = {\apj},
archivePrefix = "arXiv",
   eprint = {1706.04663},
 keywords = {galaxies: individual: IC 342, galaxies: ISM, galaxies: star formation, radio continuum: galaxies, radio lines: galaxies},
     year = 2017,
    month = jul,
   volume = 844,
      eid = {73},
    pages = {73},
      doi = {10.3847/1538-4357/aa7a01},
   adsurl = {http://adsabs.harvard.edu/abs/2017ApJ...844...73B},
  adsnote = {Provided by the SAO/NASA Astrophysics Data System}
}

@ARTICLE{ic342_4,
   author = {{Meier}, D.~S. and {Turner}, J.~L.},
    title = "{Spatially Resolved Chemistry in Nearby Galaxies. I. The Center of IC 342}",
  journal = {\apj},
   eprint = {astro-ph/0410039},
 keywords = {Astrochemistry, Galaxies: Individual: Alphanumeric: IC 342, Galaxies: ISM, Galaxies: Starburst, Radio Lines: Galaxies},
     year = 2005,
    month = jan,
   volume = 618,
    pages = {259-280},
      doi = {10.1086/426499},
   adsurl = {http://adsabs.harvard.edu/abs/2005ApJ...618..259M},
  adsnote = {Provided by the SAO/NASA Astrophysics Data System}
}

@ARTICLE{ic342_5,
   author = {{Van Eck}, C.~L. and {Haverkorn}, M. and {Alves}, M.~I.~R. and 
	{Beck}, R. and {de Bruyn}, A.~G. and {En{\ss}lin}, T. and {Farnes}, J.~S. and 
	{Ferri{\`e}re}, K. and {Heald}, G. and {Horellou}, C. and {Horneffer}, A. and 
	{Iacobelli}, M. and {Jeli{\'c}}, V. and {Mart{\'{\i}}-Vidal}, I. and 
	{Mulcahy}, D.~D. and {Reich}, W. and {R{\"o}ttgering}, H.~J.~A. and 
	{Scaife}, A.~M.~M. and {Schnitzeler}, D.~H.~F.~M. and {Sobey}, C. and 
	{Sridhar}, S.~S.},
    title = "{Faraday tomography of the local interstellar medium with LOFAR: Galactic foregrounds towards IC 342}",
  journal = {\aap},
archivePrefix = "arXiv",
   eprint = {1612.00710},
 keywords = {ISM: magnetic fields, ISM: clouds, polarization, local insterstellar matter, radio continuum: ISM},
     year = 2017,
    month = jan,
   volume = 597,
      eid = {A98},
    pages = {A98},
      doi = {10.1051/0004-6361/201629707},
   adsurl = {http://adsabs.harvard.edu/abs/2017A%26A...597A..98V},
  adsnote = {Provided by the SAO/NASA Astrophysics Data System}
}

@ARTICLE{dyn_mas,
   author = {{Turner}, J.~L. and {Hurt}, R.~L.},
    title = "{(C-13)O in IC 342 - Evidence for a spiral density wave in the nucleus}",
  journal = {\apj},
 keywords = {Carbon Monoxide, Cosmochemistry, Density Wave Model, Galactic Nuclei, Spiral Galaxies, Interstellar Matter, Star Formation},
     year = 1992,
    month = jan,
   volume = 384,
    pages = {72-80},
      doi = {10.1086/170852},
   adsurl = {http://adsabs.harvard.edu/abs/1992ApJ...384...72T},
  adsnote = {Provided by the SAO/NASA Astrophysics Data System}
}

@BOOK{nobody_cares,
   author = {{de Vaucouleurs}, G. and {de Vaucouleurs}, A. and {Corwin}, Jr., H.~G. and 
	{Buta}, R.~J. and {Paturel}, G. and {Fouqu{\'e}}, P.},
    title = "{Third Reference Catalogue of Bright Galaxies. Volume I: Explanations and references. Volume II: Data for galaxies between 0$^{h}$ and 12$^{h}$. Volume III: Data for galaxies between 12$^{h}$ and 24$^{h}$.}",
booktitle = {Third Reference Catalogue of Bright Galaxies.~Volume I: Explanations and references.~ Volume II: Data for galaxies between 0$^{h}$ and 12$^{h}$.~ Volume III: Data for galaxies between 12$^{h}$ and 24$^{h}$., by de Vaucouleurs, G.; de Vaucouleurs, A.; Corwin, H.~G., Jr.; Buta, R.~J.; Paturel, G.; Fouqu{\'e}, P..~Springer, New York, NY (USA), 1991, 2091 p., ISBN 0-387-97552-7, Price US$ 198.00. ISBN 3-540-97552-7, Price DM 448.00. ISBN 0-387-97549-7 (Vol. I), ISBN 0-387-97550-0 (Vol. II), ISBN 0-387-97551-9 (Vol. III).},
     year = 1991,
   adsurl = {http://adsabs.harvard.edu/abs/1991rc3..book.....D},
  adsnote = {Provided by the SAO/NASA Astrophysics Data System}
}

@ARTICLE{ngc_distance,
   author = {{Karachentsev}, I.~D. and {Karachentseva}, V.~E. and {Huchtmeier}, W.~K. and 
	{Makarov}, D.~I.},
    title = "{A Catalog of Neighboring Galaxies}",
  journal = {\aj},
 keywords = {Galaxies: Distances and Redshifts, Galaxies: Fundamental Parameters, Galaxies: Luminosity Function, Mass Function},
     year = 2004,
    month = apr,
   volume = 127,
    pages = {2031-2068},
      doi = {10.1086/382905},
   adsurl = {http://adsabs.harvard.edu/abs/2004AJ....127.2031K},
  adsnote = {Provided by the SAO/NASA Astrophysics Data System}
}

@ARTICLE{2008AJ....136.2648D,
   author = {{de Blok}, W.~J.~G. and {Walter}, F. and {Brinks}, E. and {Trachternach}, C. and 
	{Oh}, S.-H. and {Kennicutt}, Jr., R.~C.},
    title = "{High-Resolution Rotation Curves and Galaxy Mass Models from THINGS}",
  journal = {\aj},
archivePrefix = "arXiv",
   eprint = {0810.2100},
 keywords = {dark matter, galaxies: dwarf, galaxies: fundamental parameters, galaxies: kinematics and dynamics, galaxies: spiral, galaxies: structure},
     year = 2008,
    month = dec,
   volume = 136,
      eid = {2648-2719},
    pages = {2648-2719},
      doi = {10.1088/0004-6256/136/6/2648},
   adsurl = {http://adsabs.harvard.edu/abs/2008AJ....136.2648D},
  adsnote = {Provided by the SAO/NASA Astrophysics Data System}
}

@ARTICLE{2011AJ....141...23B,
   author = {{Bagetakos}, I. and {Brinks}, E. and {Walter}, F. and {de Blok}, W.~J.~G. and 
	{Usero}, A. and {Leroy}, A.~K. and {Rich}, J.~W. and {Kennicutt}, Jr., R.~C.
	},
    title = "{The Fine-scale Structure of the Neutral Interstellar Medium in Nearby Galaxies}",
  journal = {\aj},
archivePrefix = "arXiv",
   eprint = {1008.1845},
 keywords = {galaxies: ISM, galaxies: structure, ISM: bubbles, ISM: structure},
     year = 2011,
    month = jan,
   volume = 141,
      eid = {23},
    pages = {23},
      doi = {10.1088/0004-6256/141/1/23},
   adsurl = {http://adsabs.harvard.edu/abs/2011AJ....141...23B},
  adsnote = {Provided by the SAO/NASA Astrophysics Data System}
}

@ARTICLE{1992A&A...256...79N,
   author = {{Natali}, G. and {Pedichini}, F. and {Righini}, M.},
    title = "{Disk morphology of NGC 628 from large field CCD UBVRI photometry}",
  journal = {\aap},
 keywords = {Astronomical Photometry, Galactic Structure, Spiral Galaxies, Ubv Spectra, Charge Coupled Devices, Color-Color Diagram},
     year = 1992,
    month = mar,
   volume = 256,
    pages = {79-85},
   adsurl = {http://adsabs.harvard.edu/abs/1992A%26A...256...79N},
  adsnote = {Provided by the SAO/NASA Astrophysics Data System}
}

@ARTICLE{2006MNRAS.367...46G,
   author = {{Ganda}, K. and {Falc{\'o}n-Barroso}, J. and {Peletier}, R.~F. and 
	{Cappellari}, M. and {Emsellem}, E. and {McDermid}, R.~M. and 
	{de Zeeuw}, P.~T. and {Carollo}, C.~M.},
    title = "{Late-type galaxies observed with SAURON: two-dimensional stellar and emission-line kinematics of 18 spirals}",
  journal = {\mnras},
   eprint = {astro-ph/0512304},
 keywords = {galaxies: bulges-galaxies: evolution-galaxies: formation-galaxies: kinematics and dynamics-galaxies: spiral},
     year = 2006,
    month = mar,
   volume = 367,
    pages = {46-78},
      doi = {10.1111/j.1365-2966.2005.09977.x},
   adsurl = {http://adsabs.harvard.edu/abs/2006MNRAS.367...46G},
  adsnote = {Provided by the SAO/NASA Astrophysics Data System}
}

@article{1538-3881-116-2-673,
  author={Annette M. N. Ferguson and J. S. Gallagher and Rosemary F. G. Wyse},
  title={The Extreme Outer Regions of Disk Galaxies. I. Chemical Abundances of H II Regions},
  journal={The Astronomical Journal},
  volume={116},
  number={2},
  pages={673},
  url={http://stacks.iop.org/1538-3881/116/i=2/a=673},
  year={1998},
  abstract={     We present the first results of an ongoing project to investigate the present-day chemical abundances of the extreme outer parts of galactic disks, as probed by the emission-line spectra of a new sample of H II regions. The galaxies studied here, NGC 628, NGC 1058, and NGC 6946, are all late-type spiral galaxies, characterized by larger than average H I –to–optical sizes. Our deep Hα images have revealed the existence of recent massive star formation, traced by H II regions, out to and beyond two optical radii in these galaxies (defined by the B -band 25th magnitude isophote). Optical spectra of these newly discovered H II regions are used to investigate their densities, ionization parameters, extinctions, and, in particular, their oxygen and nitrogen abundances. Our measurements reveal gas-phase abundances of O/H ~ 10%–15% of the solar value and N/O ~ 20%–25% of the solar value at radii of (1.5–2) R 25 . Clear evidence also exists for diminished dust extinction ( A V ~ 0–0.2 mag) at large radii. The combination of our measurements of outer disk H II region abundances with those for inner disk H II regions published in the literature is a powerful probe of the shape of abundance gradients over unprecedented radial baselines. The predictions of models of chemical evolution often diverge most strongly in the outer parts of galaxies. Both the oxygen and the nitrogen-to-oxygen abundances generally decrease with increasing radius. Within the limits of the current data set, the radial abundance variations are consistent with single log-linear relationships, although the derived slopes can often differ considerably from those found if only inner disk H II regions are used to define the fit. The small number of H II regions in our present sample, together with uncertainties in the calibrations of the empirical methods used here to determine abundances, limit the ability to constrain both subtle changes in the radial gradient and intrinsic scatter at a fixed radius. Nitrogen-to-oxygen ratios appear to be consistent with a combination of primary and secondary production of nitrogen. Interestingly, both the mean level of enrichment and the N/O ratio measured in extreme outer galactic disks are similar to those values measured in some high-redshift damped Lyα absorbers, suggesting that outer disks at the present epoch are relatively unevolved.}
}
	

@ARTICLE{1992A&A...253..335K,
   author = {{Kamphuis}, J. and {Briggs}, F.},
    title = "{Kinematics of the extended H I disk of NGC 628 - High velocity gas and deviations from circular rotation}",
  journal = {\aap},
 keywords = {Accretion Disks, Galactic Clusters, Gas Dynamics, H I Regions, Radio Spectra, Astronomical Spectroscopy, Kinematic Equations, Radial Velocity},
     year = 1992,
    month = jan,
   volume = 253,
    pages = {335-348},
   adsurl = {http://adsabs.harvard.edu/abs/1992A%26A...253..335K},
  adsnote = {Provided by the SAO/NASA Astrophysics Data System}
}


@ARTICLE{2003ApJS..146..353M,
   author = {{Martini}, P. and {Regan}, M.~W. and {Mulchaey}, J.~S. and {Pogge}, R.~W.
	},
    title = "{Circumnuclear Dust in Nearby Active and Inactive Galaxies. I. Data}",
  journal = {\apjs},
   eprint = {astro-ph/0212396},
 keywords = {ISM: Dust, Extinction, Galaxies: Active, Galaxies: ISM, Galaxies: Nuclei, Galaxies: Seyfert, ISM: Structure},
     year = 2003,
    month = jun,
   volume = 146,
    pages = {353-406},
      doi = {10.1086/367817},
   adsurl = {http://adsabs.harvard.edu/abs/2003ApJS..146..353M},
  adsnote = {Provided by the SAO/NASA Astrophysics Data System}
}

@ARTICLE{2001ApJS..132..129M,
   author = {{Marcum}, P.~M. and {O'Connell}, R.~W. and {Fanelli}, M.~N. and 
	{Cornett}, R.~H. and {Waller}, W.~H. and {Bohlin}, R.~C. and 
	{Neff}, S.~G. and {Roberts}, M.~S. and {Smith}, A.~M. and {Cheng}, K.-P. and 
	{Collins}, N.~R. and {Hennessy}, G.~S. and {Hill}, J.~K. and 
	{Hill}, R.~S. and {Hintzen}, P. and {Landsman}, W.~B. and {Ohl}, R.~G. and 
	{Parise}, R.~A. and {Smith}, E.~P. and {Freedman}, W.~L. and 
	{Kuchinski}, L.~E. and {Madore}, B. and {Angione}, R. and {Palma}, C. and 
	{Talbert}, F. and {Stecher}, T.~P.},
    title = "{An Ultraviolet/Optical Atlas of Bright Galaxies}",
  journal = {\apjs},
 keywords = {Galaxies: Evolution, Galaxies: Fundamental Parameters, Galaxies: Photometry, Galaxies: Structure, Ultraviolet: Galaxies},
     year = 2001,
    month = feb,
   volume = 132,
    pages = {129-198},
      doi = {10.1086/318953},
   adsurl = {http://adsabs.harvard.edu/abs/2001ApJS..132..129M},
  adsnote = {Provided by the SAO/NASA Astrophysics Data System}
}




@ARTICLE{H1,
   author = {{Crosthwaite}, L.~P. and {Turner}, J.~L. and {Ho}, P.~T.~P.},
    title = "{Structure in the Neutral Hydrogen Disk of the Spiral Galaxy IC 342}",
  journal = {\aj},
 keywords = {GALAXIES: INDIVIDUAL (IC 342), GALAXIES: ISM, GALAXIES: SPIRAL, GALAXIES: STRUCTURE, ISM: H I},
     year = 2000,
    month = apr,
   volume = 119,
    pages = {1720-1736},
      doi = {10.1086/301302},
   adsurl = {http://adsabs.harvard.edu/abs/2000AJ....119.1720C},
  adsnote = {Provided by the SAO/NASA Astrophysics Data System}
}

@ARTICLE{arms,
   author = {{Meidt}, S.~E. and {Rand}, R.~J. and {Merrifield}, M.~R.},
    title = "{Uncovering the Origins of Spiral Structure by Measuring Radial Variation in Pattern Speeds}",
  journal = {\apj},
archivePrefix = "arXiv",
   eprint = {0907.3443},
 keywords = {galaxies: individual: M101 IC 342 NGC 3938 NGC 3344, galaxies: kinematics and dynamics, galaxies: spiral, galaxies: structure, methods: numerical},
     year = 2009,
    month = sep,
   volume = 702,
    pages = {277-290},
      doi = {10.1088/0004-637X/702/1/277},
   adsurl = {http://adsabs.harvard.edu/abs/2009ApJ...702..277M},
  adsnote = {Provided by the SAO/NASA Astrophysics Data System}
}

@ARTICLE{snr,
   author = {{Vu{\v c}eti{\'c}}, M.~M. and {{\'C}iprijanovi{\'c}}, A. and 
	{Pavlovi{\'c}}, M.~Z. and {Pannuti}, T.~G. and {Petrov}, N. and 
	{G{\"o}ker}, {\"U}.~D. and {Ercan}, E.~N.},
    title = "{Optical Observations of the Nearby Galaxy IC342 With Narrow Band [S II] and H{$\alpha$} Filters. II - Detection of 16 Optically-Identified Supernova Remnant Candidates}",
  journal = {Serbian Astronomical Journal},
archivePrefix = "arXiv",
   eprint = {1511.05307},
 keywords = {ISM: supernova remnants, Galaxies: individual: IC342},
     year = 2015,
    month = dec,
   volume = 191,
    pages = {67-74},
      doi = {10.2298/SAJ150911002V},
   adsurl = {http://adsabs.harvard.edu/abs/2015SerAJ.191...67V},
  adsnote = {Provided by the SAO/NASA Astrophysics Data System}
}

@ARTICLE{ulx,
   author = {{Rana}, V. and {Harrison}, F.~A. and {Bachetti}, M. and {Walton}, D.~J. and 
	{Furst}, F. and {Barret}, D. and {Miller}, J.~M. and {Fabian}, A.~C. and 
	{Boggs}, S.~E. and {Christensen}, F.~C. and {Craig}, W.~W. and 
	{Grefenstette}, B.~W. and {Hailey}, C.~J. and {Madsen}, K.~K. and 
	{Ptak}, A.~F. and {Stern}, D. and {Webb}, N.~A. and {Zhang}, W.~W.
	},
    title = "{The Broadband XMM-Newton and NuSTAR X-Ray Spectra of Two Ultraluminous X-Ray Sources in the Galaxy IC 342}",
  journal = {\apj},
archivePrefix = "arXiv",
   eprint = {1401.4637},
 primaryClass = "astro-ph.HE",
 keywords = {accretion, accretion disks, black hole physics, X-rays: binaries, X-rays: individual: IC 342 X-1 IC 342 X-2},
     year = 2015,
    month = feb,
   volume = 799,
      eid = {121},
    pages = {121},
      doi = {10.1088/0004-637X/799/2/121},
   adsurl = {http://adsabs.harvard.edu/abs/2015ApJ...799..121R},
  adsnote = {Provided by the SAO/NASA Astrophysics Data System}
}

@BOOK{longair,
   author = {{Longair}, M.~S.},
    title = "{High Energy Astrophysics}",
booktitle = {High Energy Astrophysics, by Malcolm S.~Longair, Cambridge, UK: Cambridge University Press, 2011},
     year = 2011,
    month = feb,
   adsurl = {http://adsabs.harvard.edu/abs/2011hea..book.....L},
  adsnote = {Provided by the SAO/NASA Astrophysics Data System}
}



@ARTICLE{74MHz,
   author = {{Kassim}, N.~E. and {Lazio}, T.~J.~W. and {Erickson}, W.~C. and 
	{Perley}, R.~A. and {Cotton}, W.~D. and {Greisen}, E.~W. and 
	{Cohen}, A.~S. and {Hicks}, B. and {Schmitt}, H.~R. and {Katz}, D.
	},
    title = "{The 74 MHz System on the Very Large Array}",
  journal = {\apjs},
archivePrefix = "arXiv",
   eprint = {0704.3088},
 keywords = {Astrometry, Instrumentation: Interferometers, Techniques: High Anular Resolution, Techniques: Image Processing, Techniques: Interferometric},
     year = 2007,
    month = oct,
   volume = 172,
    pages = {686-719},
      doi = {10.1086/519022},
   adsurl = {http://adsabs.harvard.edu/abs/2007ApJS..172..686K},
  adsnote = {Provided by the SAO/NASA Astrophysics Data System}
}

@ARTICLE{wenss,
   author = {{Rengelink}, R.~B. and {Tang}, Y. and {de Bruyn}, A.~G. and 
	{Miley}, G.~K. and {Bremer}, M.~N. and {Roettgering}, H.~J.~A. and 
	{Bremer}, M.~A.~R.},
    title = "{The Westerbork Northern Sky Survey (WENSS), I. A 570 square degree Mini-Survey around the North Ecliptic Pole}",
  journal = {\aaps},
 keywords = {SURVEYS, RADIO CONTINUUM: GENERAL},
     year = 1997,
    month = aug,
   volume = 124,
    pages = {259-280},
      doi = {10.1051/aas:1997358},
   adsurl = {http://adsabs.harvard.edu/abs/1997A%26AS..124..259R},
  adsnote = {Provided by the SAO/NASA Astrophysics Data System}
}

@ARTICLE{nvss,
   author = {{Condon}, J.~J. and {Cotton}, W.~D. and {Greisen}, E.~W. and 
	{Yin}, Q.~F. and {Perley}, R.~A. and {Taylor}, G.~B. and {Broderick}, J.~J.
	},
    title = "{The NRAO VLA Sky Survey}",
  journal = {\aj},
 keywords = {CATALOGS, METHODS: DATA ANALYSIS, METHODS: OBSERVATIONAL, RADIO CONTINUUM, SURVEYS},
     year = 1998,
    month = may,
   volume = 115,
    pages = {1693-1716},
      doi = {10.1086/300337},
   adsurl = {http://adsabs.harvard.edu/abs/1998AJ....115.1693C},
  adsnote = {Provided by the SAO/NASA Astrophysics Data System}
}

@ARTICLE{imager,
   author = {{Tasse}, C. and {van der Tol}, S. and {van Zwieten}, J. and 
	{van Diepen}, G. and {Bhatnagar}, S.},
    title = "{Applying full polarization A-Projection to very wide field of view instruments: An imager for LOFAR}",
  journal = {\aap},
archivePrefix = "arXiv",
   eprint = {1212.6178},
 primaryClass = "astro-ph.IM",
 keywords = {instrumentation: interferometers, techniques: interferometric, techniques: image processing},
     year = 2013,
    month = may,
   volume = 553,
      eid = {A105},
    pages = {A105},
      doi = {10.1051/0004-6361/201220882},
   adsurl = {http://adsabs.harvard.edu/abs/2013A%26A...553A.105T},
  adsnote = {Provided by the SAO/NASA Astrophysics Data System}
}

@ARTICLE{vlss2,
   author = {{Lane}, W.~M. and {Cotton}, W.~D. and {Helmboldt}, J.~F. and 
	{Kassim}, N.~E.},
    title = "{VLSS redux: Software improvements applied to the Very Large Array Low-Frequency Sky Survey}",
  journal = {Radio Science},
archivePrefix = "arXiv",
   eprint = {1205.4695},
 primaryClass = "astro-ph.IM",
 keywords = {ionospheric calibration, low-frequency radio astronomy, surveys},
     year = 2012,
    month = jan,
   volume = 47,
      eid = {RS0K04},
    pages = {RS0K04},
      doi = {10.1029/2011RS004941},
   adsurl = {http://adsabs.harvard.edu/abs/2012RaSc...47.0K04L},
  adsnote = {Provided by the SAO/NASA Astrophysics Data System}
}



@ARTICLE{vlss,
   author = {{Cohen}, A.~S. and {Lane}, W.~M. and {Kassim}, N.~E. and {Lazio}, T.~J.~W. and 
	{Cotton}, W.~D. and {Perley}, R.~A. and {Condon}, J.~J. and 
	{Erickson}, W.~C.},
    title = "{The VLA Low-frequency Sky Survey}",
  journal = {Astronomische Nachrichten},
 keywords = {galaxies: high redshift, surveys},
     year = 2006,
    month = mar,
   volume = 327,
    pages = {262-265},
      doi = {10.1002/asna.200510519},
   adsurl = {http://adsabs.harvard.edu/abs/2006AN....327..262C},
  adsnote = {Provided by the SAO/NASA Astrophysics Data System}
}



@ARTICLE{jupiter,
   author = {{Burke}, B.~F. and {Franklin}, K.~L.},
    title = "{Observations of a Variable Radio Source Associated with the Planet Jupiter}",
  journal = {\jgr},
     year = 1955,
    month = jun,
   volume = 60,
    pages = {213-217},
      doi = {10.1029/JZ060i002p00213},
   adsurl = {http://adsabs.harvard.edu/abs/1955JGR....60..213B},
  adsnote = {Provided by the SAO/NASA Astrophysics Data System}
}

@ARTICLE{jocelyn,
   author = {{Bell Burnell}, S.~J.},
    title = "{Little Green Men, White Dwarfs or Pulsars?}",
  journal = {Cosmic Search},
     year = 1979,
    month = jan,
   volume = 1,
    pages = {16},
   adsurl = {http://adsabs.harvard.edu/abs/1979CosSe...1...16B},
  adsnote = {Provided by the SAO/NASA Astrophysics Data System}
}

@ARTICLE{cobe,
   author = {{Kogut}, A. and {Lineweaver}, C. and {Smoot}, G.~F. and {Bennett}, C.~L. and 
	{Banday}, A. and {Boggess}, N.~W. and {Cheng}, E.~S. and {de Amici}, G. and 
	{Fixsen}, D.~J. and {Hinshaw}, G. and {Jackson}, P.~D. and {Janssen}, M. and 
	{Keegstra}, P. and {Loewenstein}, K. and {Lubin}, P. and {Mather}, J.~C. and 
	{Tenorio}, L. and {Weiss}, R. and {Wilkinson}, D.~T. and {Wright}, E.~L.
	},
    title = "{Dipole Anisotropy in the COBE Differential Microwave Radiometers First-Year Sky Maps}",
  journal = {\apj},
   eprint = {astro-ph/9312056},
 keywords = {COSMOLOGY: COSMIC MICROWAVE BACKGROUND, COSMOLOGY: OBSERVATIONS},
     year = 1993,
    month = dec,
   volume = 419,
    pages = {1},
      doi = {10.1086/173453},
   adsurl = {http://adsabs.harvard.edu/abs/1993ApJ...419....1K},
  adsnote = {Provided by the SAO/NASA Astrophysics Data System}
}


@ARTICLE{binary,
   author = {{Hulse}, R.~A. and {Taylor}, J.~H.},
    title = "{Discovery of a pulsar in a binary system}",
  journal = {\apjl},
 keywords = {Binary Stars, Orbital Elements, Pulsars, Relativistic Effects, Black Holes (Astronomy), Companion Stars, Eccentric Orbits, Mass Ratios, Neutron Stars, Radial Velocity, Velocity Distribution},
     year = 1975,
    month = jan,
   volume = 195,
    pages = {L51-L53},
      doi = {10.1086/181708},
   adsurl = {http://adsabs.harvard.edu/abs/1975ApJ...195L..51H},
  adsnote = {Provided by the SAO/NASA Astrophysics Data System}
}


@INPROCEEDINGS{7078145,
author={S. van der Tol and B. D. Jeffs and A. J. van der Veen},
booktitle={2005 13th European Signal Processing Conference},
title={Calibration of a large distributed low frequency radio astronomical array (LOFAR)},
year={2005},
volume={},
number={},
pages={1-4},
keywords={calibration;ionosphere;radiotelescopes;LOFAR array;calibration;dipole elements;frequency 20 MHz to 240 MHz;ionosphere;large distributed low frequency radio astronomy arrays;sample covariance estimate;Antennas;Arrays;Calibration;Correlation;Ionosphere;Mathematical model;Radio astronomy},
doi={},
ISSN={},
month={Sept}
}

@ARTICLE{LOFAR,
   author = {{van Haarlem}, M.~P. and {Wise}, M.~W. and {Gunst}, A.~W. and 
	{Heald}, G. and {McKean}, J.~P. and {Hessels}, J.~W.~T. and 
	{de Bruyn}, A.~G. and {Nijboer}, R. and {Swinbank}, J. and {Fallows}, R. and 
	{Brentjens}, M. and {Nelles}, A. and {Beck}, R. and {Falcke}, H. and 
	{Fender}, R. and {H{\"o}randel}, J. and {Koopmans}, L.~V.~E. and 
	{Mann}, G. and {Miley}, G. and {R{\"o}ttgering}, H. and {Stappers}, B.~W. and 
	{Wijers}, R.~A.~M.~J. and {Zaroubi}, S. and {van den Akker}, M. and 
	{Alexov}, A. and {Anderson}, J. and {Anderson}, K. and {van Ardenne}, A. and 
	{Arts}, M. and {Asgekar}, A. and {Avruch}, I.~M. and {Batejat}, F. and 
	{B{\"a}hren}, L. and {Bell}, M.~E. and {Bell}, M.~R. and {van Bemmel}, I. and 
	{Bennema}, P. and {Bentum}, M.~J. and {Bernardi}, G. and {Best}, P. and 
	{B{\^i}rzan}, L. and {Bonafede}, A. and {Boonstra}, A.-J. and 
	{Braun}, R. and {Bregman}, J. and {Breitling}, F. and {van de Brink}, R.~H. and 
	{Broderick}, J. and {Broekema}, P.~C. and {Brouw}, W.~N. and 
	{Br{\"u}ggen}, M. and {Butcher}, H.~R. and {van Cappellen}, W. and 
	{Ciardi}, B. and {Coenen}, T. and {Conway}, J. and {Coolen}, A. and 
	{Corstanje}, A. and {Damstra}, S. and {Davies}, O. and {Deller}, A.~T. and 
	{Dettmar}, R.-J. and {van Diepen}, G. and {Dijkstra}, K. and 
	{Donker}, P. and {Doorduin}, A. and {Dromer}, J. and {Drost}, M. and 
	{van Duin}, A. and {Eisl{\"o}ffel}, J. and {van Enst}, J. and 
	{Ferrari}, C. and {Frieswijk}, W. and {Gankema}, H. and {Garrett}, M.~A. and 
	{de Gasperin}, F. and {Gerbers}, M. and {de Geus}, E. and {Grie{\ss}meier}, J.-M. and 
	{Grit}, T. and {Gruppen}, P. and {Hamaker}, J.~P. and {Hassall}, T. and 
	{Hoeft}, M. and {Holties}, H.~A. and {Horneffer}, A. and {van der Horst}, A. and 
	{van Houwelingen}, A. and {Huijgen}, A. and {Iacobelli}, M. and 
	{Intema}, H. and {Jackson}, N. and {Jelic}, V. and {de Jong}, A. and 
	{Juette}, E. and {Kant}, D. and {Karastergiou}, A. and {Koers}, A. and 
	{Kollen}, H. and {Kondratiev}, V.~I. and {Kooistra}, E. and 
	{Koopman}, Y. and {Koster}, A. and {Kuniyoshi}, M. and {Kramer}, M. and 
	{Kuper}, G. and {Lambropoulos}, P. and {Law}, C. and {van Leeuwen}, J. and 
	{Lemaitre}, J. and {Loose}, M. and {Maat}, P. and {Macario}, G. and 
	{Markoff}, S. and {Masters}, J. and {McFadden}, R.~A. and {McKay-Bukowski}, D. and 
	{Meijering}, H. and {Meulman}, H. and {Mevius}, M. and {Middelberg}, E. and 
	{Millenaar}, R. and {Miller-Jones}, J.~C.~A. and {Mohan}, R.~N. and 
	{Mol}, J.~D. and {Morawietz}, J. and {Morganti}, R. and {Mulcahy}, D.~D. and 
	{Mulder}, E. and {Munk}, H. and {Nieuwenhuis}, L. and {van Nieuwpoort}, R. and 
	{Noordam}, J.~E. and {Norden}, M. and {Noutsos}, A. and {Offringa}, A.~R. and 
	{Olofsson}, H. and {Omar}, A. and {Orr{\'u}}, E. and {Overeem}, R. and 
	{Paas}, H. and {Pandey-Pommier}, M. and {Pandey}, V.~N. and 
	{Pizzo}, R. and {Polatidis}, A. and {Rafferty}, D. and {Rawlings}, S. and 
	{Reich}, W. and {de Reijer}, J.-P. and {Reitsma}, J. and {Renting}, G.~A. and 
	{Riemers}, P. and {Rol}, E. and {Romein}, J.~W. and {Roosjen}, J. and 
	{Ruiter}, M. and {Scaife}, A. and {van der Schaaf}, K. and {Scheers}, B. and 
	{Schellart}, P. and {Schoenmakers}, A. and {Schoonderbeek}, G. and 
	{Serylak}, M. and {Shulevski}, A. and {Sluman}, J. and {Smirnov}, O. and 
	{Sobey}, C. and {Spreeuw}, H. and {Steinmetz}, M. and {Sterks}, C.~G.~M. and 
	{Stiepel}, H.-J. and {Stuurwold}, K. and {Tagger}, M. and {Tang}, Y. and 
	{Tasse}, C. and {Thomas}, I. and {Thoudam}, S. and {Toribio}, M.~C. and 
	{van der Tol}, B. and {Usov}, O. and {van Veelen}, M. and {van der Veen}, A.-J. and 
	{ter Veen}, S. and {Verbiest}, J.~P.~W. and {Vermeulen}, R. and 
	{Vermaas}, N. and {Vocks}, C. and {Vogt}, C. and {de Vos}, M. and 
	{van der Wal}, E. and {van Weeren}, R. and {Weggemans}, H. and 
	{Weltevrede}, P. and {White}, S. and {Wijnholds}, S.~J. and 
	{Wilhelmsson}, T. and {Wucknitz}, O. and {Yatawatta}, S. and 
	{Zarka}, P. and {Zensus}, A. and {van Zwieten}, J.},
    title = "{LOFAR: The LOw-Frequency ARray}",
  journal = {\aap},
archivePrefix = "arXiv",
   eprint = {1305.3550},
 primaryClass = "astro-ph.IM",
 keywords = {instrumentation: interferometers, radio continuum: general, radio lines: general, dark ages, reionization, first stars, telescopes},
     year = 2013,
    month = aug,
   volume = 556,
      eid = {A2},
    pages = {A2},
      doi = {10.1051/0004-6361/201220873},
   adsurl = {http://adsabs.harvard.edu/abs/2013A%26A...556A...2V},
  adsnote = {Provided by the SAO/NASA Astrophysics Data System}
}

@ARTICLE{rime,
   author = {{Smirnov}, O.~M.},
    title = "{Revisiting the radio interferometer measurement equation. I. A full-sky Jones formalism}",
  journal = {\aap},
archivePrefix = "arXiv",
   eprint = {1101.1764},
 primaryClass = "astro-ph.IM",
 keywords = {methods: numerical, methods: analytical, methods: data analysis, techniques: interferometric, techniques: polarimetric},
     year = 2011,
    month = mar,
   volume = 527,
      eid = {A106},
    pages = {A106},
      doi = {10.1051/0004-6361/201016082},
   adsurl = {http://adsabs.harvard.edu/abs/2011A%26A...527A.106S},
  adsnote = {Provided by the SAO/NASA Astrophysics Data System}
}

@ARTICLE{rime2,
   author = {{Smirnov}, O.~M.},
    title = "{Revisiting the radio interferometer measurement equation. II. Calibration and direction-dependent effects}",
  journal = {\aap},
archivePrefix = "arXiv",
   eprint = {1101.1765},
 primaryClass = "astro-ph.IM",
 keywords = {methods: analytical, methods: numerical, methods: data analysis, techniques: polarimetric, techniques: interferometric},
     year = 2011,
    month = mar,
   volume = 527,
      eid = {A107},
    pages = {A107},
      doi = {10.1051/0004-6361/201116434},
   adsurl = {http://adsabs.harvard.edu/abs/2011A%26A...527A.107S},
  adsnote = {Provided by the SAO/NASA Astrophysics Data System}
}


@ARTICLE{RIME1,
   author = {{Hamaker}, J.~P. and {Bregman}, J.~D. and {Sault}, R.~J.},
    title = "{Understanding radio polarimetry. I. Mathematical foundations.}",
  journal = {\aaps},
 keywords = {METHODS: ANALYTICAL, METHODS: DATA ANALYSIS, TECHNIQUES: INTERFEROMETERS, TECHNIQUES: POLARIMETERS},
     year = 1996,
    month = may,
   volume = 117,
    pages = {137-147},
   adsurl = {http://adsabs.harvard.edu/abs/1996A%26AS..117..137H},
  adsnote = {Provided by the SAO/NASA Astrophysics Data System}
}

@ARTICLE{lba,
   author = {{Schellart}, P. and {Nelles}, A. and {Buitink}, S. and {Corstanje}, A. and 
	{Enriquez}, J.~E. and {Falcke}, H. and {Frieswijk}, W. and {H{\"o}randel}, J.~R. and 
	{Horneffer}, A. and {James}, C.~W. and {Krause}, M. and {Mevius}, M. and 
	{Scholten}, O. and {ter Veen}, S. and {Thoudam}, S. and {van den Akker}, M. and 
	{Alexov}, A. and {Anderson}, J. and {Avruch}, I.~M. and {B{\"a}hren}, L. and 
	{Beck}, R. and {Bell}, M.~E. and {Bennema}, P. and {Bentum}, M.~J. and 
	{Bernardi}, G. and {Best}, P. and {Bregman}, J. and {Breitling}, F. and 
	{Brentjens}, M. and {Broderick}, J. and {Br{\"u}ggen}, M. and 
	{Ciardi}, B. and {Coolen}, A. and {de Gasperin}, F. and {de Geus}, E. and 
	{de Jong}, A. and {de Vos}, M. and {Duscha}, S. and {Eisl{\"o}ffel}, J. and 
	{Fallows}, R.~A. and {Ferrari}, C. and {Garrett}, M.~A. and 
	{Grie{\ss}meier}, J. and {Grit}, T. and {Hamaker}, J.~P. and 
	{Hassall}, T.~E. and {Heald}, G. and {Hessels}, J.~W.~T. and 
	{Hoeft}, M. and {Holties}, H.~A. and {Iacobelli}, M. and {Juette}, E. and 
	{Karastergiou}, A. and {Klijn}, W. and {Kohler}, J. and {Kondratiev}, V.~I. and 
	{Kramer}, M. and {Kuniyoshi}, M. and {Kuper}, G. and {Maat}, P. and 
	{Macario}, G. and {Mann}, G. and {Markoff}, S. and {McKay-Bukowski}, D. and 
	{McKean}, J.~P. and {Miller-Jones}, J.~C.~A. and {Mol}, J.~D. and 
	{Mulcahy}, D.~D. and {Munk}, H. and {Nijboer}, R. and {Norden}, M.~J. and 
	{Orru}, E. and {Overeem}, R. and {Paas}, H. and {Pandey-Pommier}, M. and 
	{Pizzo}, R. and {Polatidis}, A.~G. and {Renting}, A. and {Romein}, J.~W. and 
	{R{\"o}ttgering}, H. and {Schoenmakers}, A. and {Schwarz}, D. and 
	{Sluman}, J. and {Smirnov}, O. and {Sobey}, C. and {Stappers}, B.~W. and 
	{Steinmetz}, M. and {Swinbank}, J. and {Tang}, Y. and {Tasse}, C. and 
	{Toribio}, C. and {van Leeuwen}, J. and {van Nieuwpoort}, R. and 
	{van Weeren}, R.~J. and {Vermaas}, N. and {Vermeulen}, R. and 
	{Vocks}, C. and {Vogt}, C. and {Wijers}, R.~A.~M.~J. and {Wijnholds}, S.~J. and 
	{Wise}, M.~W. and {Wucknitz}, O. and {Yatawatta}, S. and {Zarka}, P. and 
	{Zensus}, A.},
    title = "{Detecting cosmic rays with the LOFAR radio telescope}",
  journal = {\aap},
archivePrefix = "arXiv",
   eprint = {1311.1399},
 primaryClass = "astro-ph.IM",
 keywords = {astroparticle physics, methods: data analysis, instrumentation: interferometers},
     year = 2013,
    month = dec,
   volume = 560,
      eid = {A98},
    pages = {A98},
      doi = {10.1051/0004-6361/201322683},
   adsurl = {http://adsabs.harvard.edu/abs/2013A%26A...560A..98S},
  adsnote = {Provided by the SAO/NASA Astrophysics Data System}
}

@ARTICLE{grote,
   author = {{Reber}, G.},
    title = "{Cosmic Static.}",
  journal = {\apj},
     year = 1944,
    month = nov,
   volume = 100,
    pages = {279},
      doi = {10.1086/144668},
   adsurl = {http://adsabs.harvard.edu/abs/1944ApJ...100..279R},
  adsnote = {Provided by the SAO/NASA Astrophysics Data System}
}

@ARTICLE{fluctuation,
   author = {{Hey}, J.~S. and {Parsons}, S.~J. and {Phillips}, J.~W.},
    title = "{Fluctuations in Cosmic Radiation at Radio-Frequencies}",
  journal = {\nat},
     year = 1946,
    month = aug,
   volume = 158,
    pages = {234},
      doi = {10.1038/158234a0},
   adsurl = {http://adsabs.harvard.edu/abs/1946Natur.158..234H},
  adsnote = {Provided by the SAO/NASA Astrophysics Data System}
}

@ARTICLE{h1,
   author = {{Ewen}, H.~I. and {Purcell}, E.~M.},
    title = "{Observation of a Line in the Galactic Radio Spectrum: Radiation from Galactic Hydrogen at 1,420 Mc./sec.}",
  journal = {\nat},
     year = 1951,
    month = sep,
   volume = 168,
    pages = {356},
      doi = {10.1038/168356a0},
   adsurl = {http://adsabs.harvard.edu/abs/1951Natur.168..356E},
  adsnote = {Provided by the SAO/NASA Astrophysics Data System}
}

